@article{kd-tree,
	author = {Bentley, Jon Louis},
	title = {Multidimensional Binary Search Trees Used for Associative Searching},
	year = {1975},
	issue_date = {Sept. 1975},
	publisher = {Association for Computing Machinery},
	address = {New York, NY, USA},
	volume = {18},
	number = {9},
	issn = {0001-0782},
	url = {https://doi.org/10.1145/361002.361007},
	doi = {10.1145/361002.361007},
	journal = {Commun. ACM},
	month = sep,
	pages = {509â€“517},
	numpages = {9},
	keywords = {binary tree insertion, binary search trees, nearest neighbor queries, partial match queries, attribute, intersection queries, information retrieval system, associative retrieval, key}
}

@article{balanced,
   author  = {Russell A. Brown},
   title   = {Building a Balanced $k$-d Tree in $O(kn \log n)$ Time},
   year    = {2015},
   month   = {March},
   day     = {30},
   journal = {Journal of Computer Graphics Techniques (JCGT)},
   volume  = {4},
   number  = {1},
   pages   = {50--68},
   url     = {http://jcgt.org/published/0004/01/03/},
   issn    = {2331-7418}
}          